<?xml version="1.0" encoding="UTF-8"?><collection xmlns="http://www.loc.gov/MARC21/slim"><record><leader>00677nam--2200193-i-4500</leader><controlfield tag="001">000021813</controlfield><controlfield tag="002">20161230</controlfield><controlfield tag="005">20161230201034</controlfield><controlfield tag="008">060222s1000------------r-----000-0-eng-d</controlfield><datafield ind1=" " ind2=" " tag="040"><subfield code="a">IFIN-HH</subfield></datafield><datafield ind1="1" ind2=" " tag="100"><subfield code="a">Grenander, Ulf</subfield></datafield><datafield ind1="1" ind2="0" tag="245"><subfield code="a">Probability and statistics</subfield><subfield code="b">The harald cramer volume</subfield><subfield code="c">Ulf Grenander Ed</subfield></datafield><datafield ind1=" " ind2=" " tag="260"><subfield code="a">Stockholm, Almqvist &amp; Wiksell, 1959</subfield></datafield><datafield ind1=" " ind2=" " tag="300"><subfield code="a">434 p</subfield></datafield><datafield ind1=" " ind2=" " tag="490"><subfield code="a">Wiley Publications in Statistics</subfield></datafield><datafield ind1=" " ind2=" " tag="500"><subfield code="a">This Volume is dedicated to Harald Cramer on his Sixty-Fifth Birthday in Recognition of His Pathbreaking Work in Probability and Statistics</subfield></datafield><datafield ind1=" " ind2=" " tag="650"><subfield code="a">Mathematical Statistics</subfield></datafield><datafield ind1=" " ind2=" " tag="852"><subfield code="a">15801</subfield><subfield code="c">519.2</subfield></datafield><datafield ind1=" " ind2=" " tag="CAT"><subfield code="a">Sys</subfield><subfield code="c">20100518</subfield><subfield code="h">104218</subfield></datafield></record></collection>